@Book{das,
ALTauthor = {Das J.C.},
ALTeditor = {•},
title = {Power System Harmonics and Passive Filter Designs},
publisher = {•},
year = {2015},
OPTkey = {•},
OPTvolume = {•},
OPTnumber = {•},
OPTseries = {•},
OPTaddress = {•},
OPTedition = {•},
OPTmonth = {•},
OPTnote = {•},
OPTannote = {•}
}

@Book{rosa,
ALTauthor = {Rosa},
ALTeditor = {•},
title = {Harmonics and Power Systems},
publisher = {•},
year = {2006},
OPTkey = {•},
OPTvolume = {•},
OPTnumber = {•},
OPTseries = {•},
OPTaddress = {•},
OPTedition = {•},
OPTmonth = {•},
OPTnote = {•},
OPTannote = {•}
}

@Book{arrillaga,
ALTauthor = {Jos Arrillaga and Neville R. Watson},
ALTeditor = {University of Cunterbury, Christchurch, New Zealand},
title = {Power System Harmonics},
publisher = {•},
year = {2003},
OPTkey = {•},
OPTvolume = {•},
OPTnumber = {•},
OPTseries = {•},
OPTaddress = {•},
OPTedition = {•},
OPTmonth = {•},
OPTnote = {•},
OPTannote = {•}
}

@Article{harmonicseffects,
author = {IEEE},
title = {The effects of power system harmonics on power system equipment and loads},
journal = {IEEE Transactions},
year = {1985},
OPTkey = {•},
OPTvolume = {vol. PAS 104},
OPTnumber = {•},
OPTpages = {2555-2561},
OPTmonth = {•},
OPTnote = {•},
OPTannote = {•}
}

@Book{nabeakagi,
ALTauthor = {Hirofumi Akagi Edson Hirokazu Watanabe Mauricio Aredes},
ALTeditor = {•},
title = {Instantaneous Power Theory And Applications To Power Conditioning},
publisher = {Wiley & Sons},
year = {2007},
OPTkey = {•},
OPTvolume = {•},
OPTnumber = {•},
OPTseries = {•},
OPTaddress = {•},
OPTedition = {•},
OPTmonth = {•},
OPTnote = {•},
OPTannote = {•}
}


@Article{xu2005,
author = {Wilsun Xu Zhenyu Huang Yu Cui Haizhen Wang},
title = {Harmonic Resonance Mode Analysis},
journal = {IEEE TRANSACTIONS ON POWER DELIVERY, VOL. 20, NO. 2,},
year = {APRIL 2005},
OPTkey = {•},
OPTvolume = {•},
OPTnumber = {•},
OPTpages = {•},
OPTmonth = {•},
OPTnote = {•},
OPTannote = {•}
}

@Article{modal1982,
author = {•},
title = {Selective modal analysis with applications to electric power
systems—II. The dynamic stability problem},
journal = {IEEE Trans. Power App. Syst.},
year = {1982},
OPTkey = {•},
OPTvolume = {PAS-101},
OPTnumber = {9},
OPTpages = {3126–3134},
OPTmonth = {September},
OPTnote = {•},
OPTannote = {•}
}
@Article{bradt2012,
author = {M. Bradt B. Badrzadeh E. Camm D. Mueller J. Schoene T. Siebert T. Smith M. Starke R. Walling - IEEE PES Wind Plant Collector System Design Working Group},
title = {Harmonics and Resonance Issues in Wind Power Plants},
journal = {•},
year = {2012},
OPTkey = {•},
OPTvolume = {•},
OPTnumber = {•},
OPTpages = {•},
OPTmonth = {•},
OPTnote = {•},
OPTannote = {•}
}

@Book{bellman1970,
ALTauthor = {R. Bellman},
ALTeditor = {•},
title = {Introduction to Matrix Analysis, 2nd ed.},
publisher = {New York: Mc-Graw-Hill},
year = {1970},
OPTkey = {•},
OPTvolume = {•},
OPTnumber = {•},
OPTseries = {•},
OPTaddress = {•},
OPTedition = {•},
OPTmonth = {•},
OPTnote = {•},
OPTannote = {•}
}
@Book{perez1982,
ALTauthor = {I. J. Perez-Arriaga G. C. Verghese and F. C. Schweppe},
ALTeditor = {•},
title = {Selective
modal analysis with applications to electric power systems—I. Heuristic introduction},
publisher = {IEEE Trans. Power App. Syst},
year = {1982},
OPTkey = {•},
OPTvolume = {vol. PAS-101},
OPTnumber = {no. 9},
OPTseries = {pp. 3117–3125},
OPTaddress = {•},
OPTedition = {•},
OPTmonth = {September},
OPTnote = {•},
OPTannote = {•}
}
@Article{pham2013,
author = {Long Pham},
title = {A Review of Full Scale Converter for Wind Turbines},
journal = {IEEE},
year = {2013},
OPTkey = {•},
OPTvolume = {•},
OPTnumber = {•},
OPTpages = {•},
OPTmonth = {•},
OPTnote = {•},
OPTannote = {•}
}
@Article{borwin1,
author = {Christoph Buchhagen; Christian Rauscher; Andreas Menze; Dr. Jochen Jung},
title = {BorWin1 – First Experiences with harmonic interactions
in converter dominated grids},
journal = {International ETG Congress 2015},
year = {2015},
OPTkey = {•},
OPTvolume = {•},
OPTnumber = {•},
OPTpages = {•},
OPTmonth = {November},
OPTnote = {•},
OPTannote = {•}
}
@Article{liusun2014,
author = {Hanchao Liu; Jian Sun},
title = {Voltage Stability and Control of Offshore Wind
Farms With AC Collection and HVDC Transmission},
journal = {IEEE JOURNAL OF EMERGING AND SELECTED TOPICS IN POWER ELECTRONICS},
year = {2014},
OPTkey = {•},
OPTvolume = {VOL. 2},
OPTnumber = {NO. 4},
OPTpages = {•},
OPTmonth = {December},
OPTnote = {•},
OPTannote = {•}
}
@Article{sun2011,
author = {Jian Sun},
title = {Impedance-Based Stability Criterion for Grid-Connected Inverters},
journal = {IEEE TRANSACTIONS ON POWER ELECTRONICS},
year = {2100},
OPTkey = {•},
OPTvolume = {VOL. 26},
OPTnumber = {NO. 11},
OPTpages = {•},
OPTmonth = {November},
OPTnote = {•},
OPTannote = {•}
}
@Book{middlebrook1976,
ALTauthor = {R. D. Middlebrook},
ALTeditor = {},
title = {Input filter considerations in design and application
of switching regulators},
publisher = {IEEE Ind. Appl. Soc. Annu. Meeting},
year = {1976},
OPTkey = {•},
OPTvolume = {•},
OPTnumber = {•},
OPTseries = {366-382},
OPTaddress = {•},
OPTedition = {•},
OPTmonth = {•},
OPTnote = {•},
OPTannote = {•}
}
@Article{liusun2013,
author = {Hanchao Liu and Jiaun Sun},
title = {A Study of Offshore
Wind HVDC System Stability and Control},
journal = {Department
of Electrical, Computer and Systems Engineering,
Rensselaer Polytechnic Institute, Troy, NY, USA},
year = {2013},
OPTkey = {12180-3590},
OPTvolume = {•},
OPTnumber = {•},
OPTpages = {•},
OPTmonth = {•},
OPTnote = {•},
OPTannote = {•}
}
@Article{bing2009,
author = {Z. Bing; K. J. Karimi; and J. Sun},
title = {Input impedance modeling and
analysis of line-commutated rectifiers},
journal = {IEEE Trans. Power Electron},
year = {2009},
OPTkey = {•},
OPTvolume = {vol. 24},
OPTnumber = {no. 10},
OPTpages = {pp. 2338-2346},
OPTmonth = {October},
OPTnote = {•},
OPTannote = {•}
}
@Article{cespedes2014,
author = {M. Cespedes and J. Sun},
title = {Impedance modeling and analysis of gridconnected
voltage-source converters
},
journal = {IEEE Trans. Power Electron.},
year = {2014},
OPTkey = {•},
OPTvolume = {vol. 29},
OPTnumber = {no. 3},
OPTpages = {pp. 1254-1261},
OPTmonth = {March},
OPTnote = {•},
OPTannote = {•}
}
@Article{larsen2012,
author = {E. Larsen; G. Drobnjak; and H. Elahi},
title = {Standardization of VSC-HVdc
interface with offshore wind generation},
journal = {11th Int. Workshop
Large-Scale Integr. Wind Power Power Syst.},
year = {2012},
OPTkey = {•},
OPTvolume = {•},
OPTnumber = {•},
OPTpages = {169-174},
OPTmonth = {•},
OPTnote = {•},
OPTannote = {•}
}

@TechReport{iec61000,
author = {•},
title = {IEC Series 61000 Standards},
institution = {•},
year = {•},
OPTkey = {•},
OPTtype = {•},
OPTnumber = {•},
OPTaddress = {•},
OPTmonth = {•},
OPTnote = {•},
OPTannote = {•}
}

@TechReport{en50160,
author = {•},
title = {Voltage characteristics of electricity supplied by public distribution systems},
institution = {Brussels},
year = {1994},
OPTkey = {•},
OPTtype = {•},
OPTnumber = {•},
OPTaddress = {•},
OPTmonth = {•},
OPTnote = {•},
OPTannote = {•}
}

@TechReport{ieee519,
author = {•},
title = {IEEE recommended practice and requirements for harmonic control in electrical systems},
institution = {•},
year = {1992},
OPTkey = {•},
OPTtype = {•},
OPTnumber = {•},
OPTaddress = {•},
OPTmonth = {•},
OPTnote = {•},
OPTannote = {•}
}

@Article{sun2009linearization,
author = {Jian Sun},
title = {Small-Signal Methods for AC Distributed Power Systems–A Review},
journal = {IEEE TRANSACTIONS ON POWER ELECTRONICS},
year = {2009},
OPTkey = {•},
OPTvolume = {VOL. 24},
OPTnumber = {NO. 11},
OPTpages = {•},
OPTmonth = {November},
OPTnote = {•},
OPTannote = {•}
}

@Article{park1929,
author = {R. H. Park},
title = {Two-Reaction Theory of Synchronous Machines: Generalized Method of Analysis - Part I},
journal = { Transactions of the AIEE 48},
year = {1929},
OPTkey = {•},
OPTvolume = {•},
OPTnumber = {•},
OPTpages = {716-730},
OPTmonth = {•},
OPTnote = {•},
OPTannote = {•}
}
