




@inbook{doi:10.1137/1.9781611971170.fm,

title = {Front Matter},
booktitle = {Introduction to Matrix Analysis, Second Edition},
chapter = {0},
pages = {i-xxx},
doi = {10.1137/1.9781611971170.fm},
URL = {http://epubs.siam.org/doi/abs/10.1137/1.9781611971170.fm},
eprint = {http://epubs.siam.org/doi/pdf/10.1137/1.9781611971170.fm}
}
