@book{das,
  title={Power System Harmonics and Passive Filter Designs},
  author={Das, J.C.},
  isbn={9781119035725},
  lccn={2014037285},
  series={IEEE Press Series on Power Engineering},
  url={https://books.google.es/books?id=IVTTBgAAQBAJ},
  year={2015},
  publisher={Wiley}
}

@book{rosa,
  title={Harmonics and Power Systems},
  author={De La Rosa, F.C.},
  isbn={9781420004519},
  series={Electric Power Engineering Series},
  url={https://books.google.es/books?id=LBHNBQAAQBAJ},
  year={2006},
  publisher={CRC Press}
}

@book{arrillaga,
  title={Power System Harmonics},
  author={Arrillaga, J. and Watson, N.R.},
  isbn={9780470871218},
  series={Wiley InterScience electronic collection},
  url={https://books.google.es/books?id=mDGfHsEoiN8C},
  year={2004},
  publisher={Wiley}
}

@Article{harmonicseffects,
author = {IEEE. A report prepared by Load Characteristics Task Force.},
title = {The effects of power system harmonics on power system equipment and loads},
journal = {IEEE Transactions},
year = {1985},
OPTkey = {•},
OPTvolume = {vol. PAS 104},
OPTnumber = {•},
OPTpages = {2555-2561},
OPTmonth = {•},
OPTnote = {•},
OPTannote = {•}
}

@book{nabeakagi,
  title={Instantaneous Power Theory and Applications to Power Conditioning},
  author={Akagi, H. and Watanabe, E.H. and Aredes, M.},
  isbn={9780470118924},
  series={IEEE Press Series on Power Engineering},
  url={https://books.google.es/books?id=yO0EUhCUQaAC},
  year={2007},
  publisher={Wiley}
}

@ARTICLE{xu2005, 
author={Wilsun Xu and Zhenyu Huang and Yu Cui and Haizhen Wang}, 
journal={IEEE Transactions on Power Delivery}, 
title={Harmonic resonance mode analysis}, 
year={2005}, 
volume={20}, 
number={2}, 
pages={1182-1190}, 
keywords={eigenvalues and eigenfunctions;harmonic analysis;matrix algebra;modal analysis;power supply quality;power system harmonics;admittance matrix;eigenvalues;harmonic resonance mode analysis;modal analysis;power quality;power system harmonic analysis;Admittance;Eigenvalues and eigenfunctions;Harmonic analysis;Information analysis;Modal analysis;Power system analysis computing;Power system harmonics;Resonance;Resonant frequency;Voltage;Eigenvalue;harmonic resonance;harmonics;modal analysis;power quality}, 
doi={10.1109/TPWRD.2004.834856}, 
ISSN={0885-8977}, 
month={April}
}

@ARTICLE{modal1982, 
author={G. C. Verghese and I. J. Perez-arriaga and F. C. Schweppe}, 
journal={IEEE Transactions on Power Apparatus and Systems}, 
title={Selective Modal Analysis With Applications to Electric Power Systems, Part II: The Dynamic Stability Problem}, 
year={1982}, 
volume={PAS-101}, 
number={9}, 
pages={3126-3134}, 
keywords={IEEE members;Laboratories;Modal analysis;Power engineering and energy;Power system dynamics;Power system modeling;Power system stability;Stability analysis;Systems engineering and theory;Tellurium}, 
doi={10.1109/TPAS.1982.317525}, 
ISSN={0018-9510}, 
month={Sept},}

@INPROCEEDINGS{bradt2012, 
author={M. Bradt and B. Badrzadeh and E. Camm and D. Mueller and J. Schoene and T. Siebert and T. Smith and M. Starke and R. Walling}, 
booktitle={Transmission and Distribution Conference and Exposition (T D), 2012 IEEE PES}, 
title={Harmonics and resonance issues in wind power plants}, 
year={2012}, 
pages={1-8}, 
keywords={commissioning;power supply quality;power system harmonics;wind power plants;IEEE Std 519-1992;commissioning;power quality;power system harmonics;power system resonance;wind power plants;Harmonic analysis;Impedance;Power harmonic filters;Resonant frequency;Wind power generation;Wind turbines;Power system harmonics;harmonic compliance;harmonic filters;harmonic impedance scan;harmonic penetration;system resonances;wind power plants;wind turbines}, 
doi={10.1109/TDC.2012.6281633}, 
ISSN={2160-8555}, 
month={May},}

@book{bellman1970,
  title={Introduction to matrix analysis},
  author={Bellman, Richard and Bellman, Richard Ernest and Bellman, Richard Ernest and Bellman, Richard Ernest and Math{\'e}maticien, Etats-Unis},
  volume={960},
  year={1970},
  publisher={SIAM}
}

@article{perez1982,
  title={Selective modal analysis with applications to electric power systems, Part I: Heuristic introduction},
  author={P{\'e}rez-Arriaga, Ignacio J and Verghese, George C and Schweppe, Fred C},
  journal={ieee transactions on power apparatus and systems},
  number={9},
  pages={3117--3125},
  year={1982},
  publisher={IEEE}
}

@article{pham2013,
  title={A review of full scale converter for wind turbines},
  author={Pham, Long},
  journal={URL https://www. academia. edu/5759035/A\_Review\_of\_Full\_Scale\_Converter\_ for\_Wind\_Turbines},
  pages={8}
}

@inproceedings{borwin1,
  title={BorWin1-First Experiences with harmonic interactions in converter dominated grids},
  author={Buchhagen, Christoph and Rauscher, Christian and Menze, Andreas and Jung, Jochen},
  booktitle={International ETG Congress 2015; Die Energiewende-Blueprints for the new energy age; Proceedings of},
  pages={1--7},
  year={2015},
  organization={VDE}
}

@article{liusun2014,
  title={Voltage stability and control of offshore wind farms with AC collection and HVDC transmission},
  author={Liu, Hanchao and Sun, Jian},
  journal={IEEE Journal of emerging and selected topics in power electronics},
  volume={2},
  number={4},
  pages={1181--1189},
  year={2014},
  publisher={IEEE}
}

@article{sun2011,
  title={Impedance-based stability criterion for grid-connected inverters},
  author={Sun, Jian},
  journal={IEEE Transactions on Power Electronics},
  volume={26},
  number={11},
  pages={3075--3078},
  year={2011},
  publisher={IEEE}
}

@article{middlebrook1976,
  title={Input filter considerations in design and application of switching regulators},
  author={Middlebrook, R David},
  journal={IAS'76},
  year={1976}
}

@inproceedings{liusun2013,
  title={A study of offshore wind HVDC system stability and control},
  author={Liu, Hanchao and Sun, Jian},
  booktitle={Proceedings of 10th International Workshop on Large-Scale Integration of Wind Power into Power Systems as well as on Transmission Networks for Offshore Wind Power Plans},
  year={2011}
}

@article{bing2009,
  title={Input impedance modeling and analysis of line-commutated rectifiers},
  author={Bing, Zhonghui and Karimi, Kamiar J and Sun, Jian},
  journal={IEEE Transactions on Power Electronics},
  volume={24},
  number={10},
  pages={2338--2346},
  year={2009},
  publisher={IEEE}
}

@article{cespedes2014,
  title={Impedance modeling and analysis of grid-connected voltage-source converters},
  author={Cespedes, Mauricio and Sun, Jian},
  journal={IEEE Transactions on Power Electronics},
  volume={29},
  number={3},
  pages={1254--1261},
  year={2014},
  publisher={IEEE}
}

@article{larsen2012,
author = {Larsen, E. and Drobnjak, G. and Elahi, H.},
title = {Standardization of VSC-HVdc interface with offshore wind generation},
journal = {Proc. 11th Int. Workshop Large-Scale Integr. Wind Power Power Syst.},
year = {2012},
OPTkey = {•},
OPTvolume = {•},
OPTnumber = {•},
OPTpages = {169-174},
OPTmonth = {•},
OPTnote = {•},
OPTannote = {•}
}

@article{iec61000,
author = {IEC},
title = {Series 61000 Standards},
institution = {•},
year = {from 1990},
OPTkey = {•},
OPTtype = {•},
OPTnumber = {•},
OPTaddress = {•},
OPTmonth = {•},
OPTnote = {•},
OPTannote = {•}
}

@article{en50160,
author = {CENELEC},
title = {EN 50160 - Voltage characteristics of electricity supplied by public distribution systems},
institution = {•},
year = {Brussels, 1994},
OPTkey = {•},
OPTtype = {•},
OPTnumber = {•},
OPTaddress = {•},
OPTmonth = {•},
OPTnote = {•},
OPTannote = {•}
}

@article{ieee519,
author = {IEEE},
title = {Recommended practice and requirements for harmonic control in electrical systems},
institution = {•},
year = {1992},
OPTkey = {•},
OPTtype = {•},
OPTnumber = {•},
OPTaddress = {•},
OPTmonth = {•},
OPTnote = {•},
OPTannote = {•}
}

@article{sun2009linearization,
  title={Small-signal methods for AC distributed power systems--a review},
  author={Sun, Jian},
  journal={IEEE Transactions on Power Electronics},
  volume={24},
  number={11},
  pages={2545--2554},
  year={2009},
  publisher={IEEE}
}

@article{park1929,
  title={Two-reaction theory of synchronous machines generalized method of analysis-part I},
  author={Park, Robert H},
  journal={Transactions of the American Institute of Electrical Engineers},
  volume={48},
  number={3},
  pages={716--727},
  year={1929},
  publisher={IEEE}
}

@article{bailey2014,
  title={Assessing environmental impacts of offshore wind farms: lessons learned and recommendations for the future},
  author={Bailey, Helen and Brookes, Kate L and Thompson, Paul M},
  journal={Aquatic biosystems},
  volume={10},
  number={1},
  pages={1},
  year={2014},
  publisher={BioMed Central}
}

@TechReport{offshorestat2014,
author = {EWEA},
title = {The European Offshore Wind Industry - Key Trends and Statistics 2013},
institution = {European Wind Energy Association, Brussels, Belgium},
year = {2014}
}

@article{dolman2010,
  title={Towards best environmental practice for cetacean conservation in developing Scotland's marine renewable energy},
  author={Dolman, Sarah and Simmonds, Mark},
  journal={Marine Policy},
  volume={34},
  number={5},
  pages={1021--1027},
  year={2010},
  publisher={Elsevier}
}

@article{madsen2006,
  title={Wind turbine underwater noise and marine mammals: implications of current knowledge and data needs},
  author={Madsen, Peter T and Wahlberg, Magnus and Tougaard, Jakob and Lucke, K and Tyack, Peter Lloyd},
  journal={Marine Ecology Progress Series},
  year={2006}
}

@article{tougaard2009,
  title={Underwater noise from three types of offshore wind turbines: Estimation of impact zones for harbor porpoises and harbor seals},
  author={Tougaard, Jakob and Henriksen, Oluf Damsgaard and Miller, Lee A},
  journal={The Journal of the Acoustical Society of America},
  volume={125},
  number={6},
  pages={3766--3773},
  year={2009},
  publisher={Acoustical Society of America}
}

@article{desholm2005,
  title={Avian collision risk at an offshore wind farm},
  author={Desholm, Mark and Kahlert, Johnny},
  journal={Biology letters},
  volume={1},
  number={3},
  pages={296--298},
  year={2005},
  publisher={The Royal Society}
}

@article{tricas2011,
  title={Effects of EMFs from Undersea Power Cables on Elasmobranchs and Other Marine Species.},
  author={Tricas, Timothy and Gill, Andrew B},
  year={2011}
}

@article{wahlberg2005,
  title={Hearing in fish and their reactions to sounds from offshore wind farms},
  author={Wahlberg, Magnus and Westerberg, H{\aa}kan},
  journal={Marine Ecology Progress Series},
  volume={288},
  pages={295--309},
  year={2005}
}

@Book{renewables2016,
author = {REN21},
title = {Renewables 2016 - Global Status Report. Renewable Energy Policy Network for the 21st Century},
year = {2016},
}

@Book{wwea2016,
author = {WWEA},
title = {Qarterly Bulletin},
institution = {Word Wind Energy Association},
year = {1 March 2016},
}

@Book{gwec2015,
author = {GEWC},
title = {Global Wind Report - Annyal Market Update},
year = {2015},
}

@Book{ewea2016,
author = {EWEA},
title = {The European offshore wind industry - key trends and statistics 2015},
institution = {European Wind Energy Association},
year = {February 2016},
}

@article{hasan2014,
  title={Harmonic compensation analysis in offshore wind power plants using hybrid filters},
  author={Hasan, Khairul Nisak Binti Md and Rauma, Kalle and Luna, Alvaro and Candela, J Ignacio and Rodr{\'\i}guez, Pedro},
  journal={IEEE Transactions on Industry Applications},
  volume={50},
  number={3},
  pages={2050--2060},
  year={2014},
  publisher={IEEE}
}

@inproceedings{chen2012,
  title={Stability analysis of LCL-type grid-connected inverter in weak grid systems},
  author={Chen, Xin and Gong, Chun Yin and Wang, Hui Zhen and Cheng, Lin},
  booktitle={Renewable Energy Research and Applications (ICRERA), 2012 International Conference on},
  pages={1--6},
  year={2012},
  organization={IEEE}
}

@inproceedings{amin2015,
  title={Oscillatory phenomena between wind farms and HVDC systems: The impact of control},
  author={Amin, Mohammad and Molinas, Marta and Lyu, Jing},
  booktitle={2015 IEEE 16th Workshop on Control and Modeling for Power Electronics (COMPEL)},
  pages={1--8},
  year={2015},
  organization={IEEE}
}

@INPROCEEDINGS{reed2013, 
author={G. F. Reed and H. A. Al Hassan and M. J. Korytowski and P. T. Lewis and B. M. Grainger}, 
booktitle={Energytech, 2013 IEEE}, 
title={Comparison of HVAC and HVDC solutions for offshore wind farms with a procedure for system economic evaluation}, 
year={2013}, 
pages={1-7}, 
keywords={HVDC power transmission;high-voltage engineering;offshore installations;power transmission;power transmission economics;wind power plants;HVAC;HVDC;LCC;United States coast lines;efficient cost effective transmission;electric industry sector;high voltage AC;line commutated-converter;offshore wind farms turbines;offshore wind power transmission;power economics;system economic evaluation;voltage source converter;HVDC transmission;Power cables;Power conversion;Power harmonic filters;Propagation losses;Wind farms;HVDC;economics;offshore transmission;offshore wind farms;power electronics;renewable energy}, 
doi={10.1109/EnergyTech.2013.6645302}, 
month={May},}
